<record><leader>00000cas a22000007a 4500</leader><controlfield tag="001">15247562</controlfield><controlfield tag="008">870227d19uu1978aluwr ne      0    0eng d</controlfield><datafield ind1=" " ind2=" " tag="010"><subfield code="a">sn 87050069 </subfield></datafield><datafield ind1=" " ind2=" " tag="040"><subfield code="a">AAR</subfield><subfield code="b">eng</subfield><subfield code="c">AAR</subfield><subfield code="d">CPN</subfield><subfield code="d">OCLCQ</subfield></datafield><datafield ind1=" " ind2=" " tag="042"><subfield code="a">msc</subfield></datafield><datafield ind1="0" ind2="4" tag="245"><subfield code="a">The Bessemer sun.</subfield></datafield><datafield ind1=" " ind2=" " tag="260"><subfield code="a">Bessemer, Ala. :</subfield><subfield code="b">[s.n.]</subfield></datafield><datafield ind1=" " ind2=" " tag="300"><subfield code="a">v.</subfield></datafield><datafield ind1=" " ind2=" " tag="310"><subfield code="a">Weekly</subfield></datafield><datafield ind1="0" ind2=" " tag="362"><subfield code="a">-v. 20, no. 21 (May 24, 1978).</subfield></datafield><datafield ind1=" " ind2=" " tag="588"><subfield code="a">Description based on: Vol. 17, no. 1 (Jan. 14, 1976).</subfield></datafield><datafield ind1=" " ind2=" " tag="752"><subfield code="a">United States</subfield><subfield code="b">Alabama</subfield><subfield code="c">Jefferson</subfield><subfield code="d">Bessemer.</subfield></datafield><datafield ind1="0" ind2="0" tag="785"><subfield code="t">Bessemer Hueytown sun</subfield><subfield code="w">(DLC)sn 79002839</subfield></datafield><datafield ind1="1" ind2=" " tag="029"><subfield code="a">AU@</subfield><subfield code="b">000025820894</subfield></datafield></record>